\DeclareFieldFormat{pagetotal}{#1}  % prevent linking total pages
\DeclareFieldFormat{pages}{#1}      % prevent linking pages
\DeclareFieldFormat{eprint:pages}{#1}
\DeclareFieldFormat{eprint:pagetotal}{#1}

@article{rojas-galeano-2022,
  author  = {Sergio Rojas-Galeano and Jorge Posada and Edna Ordoñez},
  title   = {A Bibliometric Perspective on AI Research for Job-Résumé Matching},
  journal = {The Scientific World Journal},
  volume  = {2022},
  pages   = {1--15},
  year    = {2022},
  doi     = {10.1155/2022/8002363}
}

@article{he-2025,
  author  = {Lijie He and Pengfei Tang and Yitong Zhang and Peng Zhou and Shouling Su},
  title   = {Mitigating Privacy Risks in Retrieval-Augmented Generation via Locally Private Entity Perturbation},
  journal = {Information Processing \& Management},
  volume  = {62},
  number  = {4},
  pages   = {104150},
  year    = {2025},
  doi     = {10.1016/j.ipm.2025.104150}
}

@article{alderham-2024,
  author  = {A. Hussain Alderham and E. Sami Jaha},
  title   = {Improved Candidate-Career Matching using Comparative Semantic Resume Analysis},
  journal = {Advances in Science, Technology and Engineering Systems Journal},
  year    = {2024},
  url     = {https://www.astesj.com/v09/i01/p03/#1639848202927-7c57dd68-5f71},
  note    = {Accessed: December 13, 2024}
}

@online{gawande-2024,
  author  = {Atul Gawande},
  title   = {How Semantic Search is Being Used in AI Recruitment},
  year    = {2024},
  url     = {https://cvviz.com/blog/how-semantic-search-used-in-recruitment/},
  note    = {CVViZ Blog, April 30, 2024}
}

@thesis{boppana-2024,
	author = {given=Akhilesh, family=Boppana},
	publisher = {State University of New York at Stony Brook},
  year = {2024},
	title = {Enhancing Semantic Search in High-Dimensional Vector Spaces: An analysis of sentence embeddings and indexing strategies},
  url = {https://www.proquest.com/dissertations-theses/enhancing-semantic-search-high-dimensional-vector/docview/3165531406/se-2?accountid=8285}
}

@article{shan-2024,
	author = {Shan, Richard},
	journal = {2021 IEEE International Conference on Big Data (Big Data)},
	month = {12},
	pages = {8831--8833},
	title = {{A Deep Dive into Vector Stores: Classifying the Backbone of Retrieval-Augmented Generation}},
	year = {2024},
	doi = {10.1109/bigdata62323.2024.10825992},
	url = {https://doi.org/10.1109/bigdata62323.2024.10825992},
}

@book{rothman-2024,
	author = {Rothman, Denis},
	month = {9},
	publisher = {Packt Publishing Ltd},
	title = {{RAG-Driven Generative AI}},
	year = {2024},
}

@article{silva-2024,
	author = {Silva, Levy and Barbosa, Luciano},
	journal = {Knowledge-Based Systems},
	month = {4},
	pages = {111740},
	title = {{Improving dense retrieval models with LLM augmented data for dataset search}},
	volume = {294},
	year = {2024},
	doi = {10.1016/j.knosys.2024.111740},
	url = {https://doi.org/10.1016/j.knosys.2024.111740},
}

@article{tilmes-2022,
	author = {Tilmes, Nicholas},
	journal = {Ethics and Information Technology},
	month = {4},
	number = {2},
	title = {{Disability, fairness, and algorithmic bias in AI recruitment}},
	volume = {24},
	year = {2022},
	doi = {10.1007/s10676-022-09633-2},
	url = {https://doi.org/10.1007/s10676-022-09633-2},
}

